@book{chambers2018graphical,
  title={Graphical methods for data analysis},
  author={Chambers, John M},
  year={2018},
  publisher={Chapman and Hall/CRC}
}